@misc{evernote,
    author    = "Evernote",
    title     = "Note Taking App",
    url       = "https://evernote.com/"
}

@misc{photos,
    author    = "Google",
    title     = "Google Photos App",
    url       ="https://photos.google.com/"
}
 
@book{norman2013design,
  title={The design of everyday things: Revised and expanded edition},
  author={Norman, Don},
  year={2013},
  publisher={Constellation}
}
 
@misc{sticky_notes,
    author    = "Joshua Weilerstein",
    title     = "Sticky Notes",
    url       = "https://stickynotespodcast.libsyn.com/"
}